<?xml version="1.0" encoding="UTF-8"?><collection xmlns="http://www.loc.gov/MARC21/slim"><record><leader>00483nam--2200181-u-4500</leader><controlfield tag="001">000053123</controlfield><controlfield tag="002">20161230</controlfield><controlfield tag="005">20161230201050</controlfield><controlfield tag="008">110106s1000------------r-----000-0-eng-d</controlfield><datafield ind1=" " ind2=" " tag="020"><subfield code="a">9162840843</subfield></datafield><datafield ind1=" " ind2=" " tag="040"><subfield code="a">IFIN-HH</subfield></datafield><datafield ind1=" " ind2=" " tag="080"><subfield code="a">539.12:535.41(043)</subfield></datafield><datafield ind1="1" ind2=" " tag="100"><subfield code="a">Muresan, Raluca</subfield></datafield><datafield ind1="1" ind2="0" tag="245"><subfield code="a">Particle interferometry in e+e- annihilation</subfield><subfield code="b">Teza</subfield><subfield code="c">Raluca muresan</subfield></datafield><datafield ind1=" " ind2=" " tag="260"><subfield code="a">Lund</subfield><subfield code="b">Lund University</subfield><subfield code="c">2000</subfield></datafield><datafield ind1=" " ind2=" " tag="300"><subfield code="a">129P</subfield></datafield><datafield ind1=" " ind2=" " tag="852"><subfield code="a">81247</subfield><subfield code="c">539.12</subfield></datafield><datafield ind1=" " ind2=" " tag="CAT"><subfield code="a">Sys</subfield><subfield code="c">20110106</subfield><subfield code="h">122740</subfield></datafield></record></collection>